[gd_scene load_steps=18 format=2]

[ext_resource path="res://Assets/Font/Nunito-Regular.ttf" type="DynamicFontData" id=1]
[ext_resource path="res://Source/Main/WordBlob.gd" type="Script" id=2]
[ext_resource path="res://Source/Main/TextPrompt.gd" type="Script" id=3]
[ext_resource path="res://Source/Main/Story.gd" type="Script" id=4]
[ext_resource path="res://Assets/Idol/Paw.png" type="Texture" id=5]
[ext_resource path="res://Assets/Idol/star_09.png" type="Texture" id=6]
[ext_resource path="res://Source/Tool/Ghost.gd" type="Script" id=7]
[ext_resource path="res://Source/Main/Main.gd" type="Script" id=8]
[ext_resource path="res://Assets/Audio/Haunted_Tribe.mp3" type="AudioStream" id=9]
[ext_resource path="res://Assets/Audio/bookFlip2.ogg" type="AudioStream" id=10]
[ext_resource path="res://Assets/Prototype/CircleTexLight.png" type="Texture" id=11]
[ext_resource path="res://Assets/Audio/KeyPress.ogg" type="AudioStream" id=12]
[ext_resource path="res://Source/Main/RandomizePitch.gd" type="Script" id=13]

[sub_resource type="CanvasItemMaterial" id=6]
light_mode = 2

[sub_resource type="DynamicFont" id=1]
size = 32
use_filter = true
font_data = ExtResource( 1 )

[sub_resource type="Theme" id=2]
default_font = SubResource( 1 )

[sub_resource type="RichTextEffect" id=7]
script = ExtResource( 7 )

[node name="Main" type="Node"]
script = ExtResource( 8 )

[node name="Bg" type="ColorRect" parent="."]
anchor_right = 1.0
anchor_bottom = 1.0
color = Color( 0.129412, 0.129412, 0.129412, 1 )

[node name="WorldLight" type="Light2D" parent="."]
position = Vector2( 381, 588 )
texture = ExtResource( 11 )
texture_scale = 9.0

[node name="CanvasModulate" type="CanvasModulate" parent="WorldLight"]
position = Vector2( -381, -588 )
color = Color( 0.0627451, 0.0627451, 0.0627451, 1 )

[node name="Tween" type="Tween" parent="WorldLight"]

[node name="VBoxContainer" type="VBoxContainer" parent="."]
anchor_right = 1.0
anchor_bottom = 1.0

[node name="WordBlob" type="Control" parent="VBoxContainer"]
margin_right = 768.0
margin_bottom = 382.0
size_flags_horizontal = 3
size_flags_vertical = 3
script = ExtResource( 2 )

[node name="Margin" type="MarginContainer" parent="VBoxContainer/WordBlob"]
anchor_right = 1.0
anchor_bottom = 1.0
margin_left = 50.0
margin_top = 50.0
margin_right = -50.0
margin_bottom = -50.0

[node name="TextPrompt" type="RichTextLabel" parent="VBoxContainer/WordBlob/Margin"]
material = SubResource( 6 )
margin_right = 668.0
margin_bottom = 282.0
theme = SubResource( 2 )
bbcode_enabled = true
bbcode_text = "Type After Me. Lorem ipsum dolor sit amet.
Mauris tempor, mauris nec rutrum dapibus.
Lectus quam laoreet nulla, 
Eget cursus nibh velit at nibh. 
Sed et eros sed risus pellentesque lobortis
vulputate venenatis erat. "
text = "Type After Me. Lorem ipsum dolor sit amet.
Mauris tempor, mauris nec rutrum dapibus.
Lectus quam laoreet nulla, 
Eget cursus nibh velit at nibh. 
Sed et eros sed risus pellentesque lobortis
vulputate venenatis erat. "
scroll_active = false
custom_effects = [ SubResource( 7 ) ]
script = ExtResource( 3 )

[node name="Story" type="Node" parent="VBoxContainer/WordBlob/Margin/TextPrompt"]
script = ExtResource( 4 )
Passages = [ "Type After Me.", "Instructions:
Continue typing at a good speed to
prevent from losing the game.", "Once all the lights are out 
and the screen is dim you have lost.", "Monkey's Paw", "At the third glass 
his eyes got brighter, 
and he began to talk, 
the little family circle regarding with
eager interest this visitor from 
distant parts,", "as he squared his broad
shoulders in the chair and spoke of 
wild scenes and doughty deeds; 
of wars and plagues and strange peoples.", "\"Twenty-one years of it,\" said 
Mr.White, nodding at his wife and son. 
\"When he went away he was a slip of a
youth in the warehouse. 
Now look at him.\"", "\"He don't look to have taken much 
harm.\" said Mrs.White politely.", "\"I'd like to go to India myself,\" said
the old man, just to look around a bit,
you know.\"", "\"Better where you are,\" said the 
Sergeant-Major, shaking his head. 
He put down the empty glass, 
sighning softly, shook it again.", "END OF STORY
" ]

[node name="PageFlipSFX" type="AudioStreamPlayer2D" parent="VBoxContainer/WordBlob"]
stream = ExtResource( 10 )

[node name="KeyPressSFX" type="AudioStreamPlayer" parent="VBoxContainer/WordBlob"]
stream = ExtResource( 12 )
volume_db = -16.0
pitch_scale = 1.3
script = ExtResource( 13 )

[node name="Idol" type="Control" parent="VBoxContainer"]
margin_top = 386.0
margin_right = 768.0
margin_bottom = 768.0
size_flags_horizontal = 3
size_flags_vertical = 3

[node name="Sprite" type="TextureRect" parent="VBoxContainer/Idol"]
self_modulate = Color( 0.756863, 0.756863, 0.756863, 1 )
anchor_right = 1.0
anchor_bottom = 1.0
size_flags_horizontal = 3
size_flags_vertical = 3
texture = ExtResource( 5 )
expand = true
stretch_mode = 6

[node name="Light" type="Light2D" parent="VBoxContainer/Idol/Sprite"]
position = Vector2( 382, 223 )
texture = ExtResource( 6 )
texture_scale = 0.3
color = Color( 0.937255, 0.717647, 0.129412, 0.701961 )
energy = 1.5
mode = 2

[node name="BgMusic" type="AudioStreamPlayer" parent="."]
stream = ExtResource( 9 )
autoplay = true
